@string{PoP = "Phys. Plasmas"}
@string{PRL = "Phys. Rev. Lett."}
@string{PPCF = "Plasma Phys. Control. Fusion"}
@string{NF = "Nucl. Fusion"}
@string{CPP = "Contrib. Plasma Phys."}
@string{JNM = "Journ. Nuc. Mater."}


@Article{BoedoPoP2001,
author = "J. A. Boedo  and others",
Journal = PoP,
volume = "8",
year = "2001",
pages = "11"
}

@Article{KirkPPCF2006,
author = "A. Kirk and others",
Journal = PPCF,
volume = "48",
year = "2006",
pages = "B433"
}

@article{DudsonPPCF2005,
author = "B. D. Dudson and others",
journal = PPCF,
volume = "47",
year = "2005",
pages = "885"
}

@article{DudsonPPCF2008,
author = "B. D. Dudson and others",
journal = PPCF,
volume = "50",
year = "2008",
pages = "124012"
}

@article{CarrerasPoP2001,
author = "B. A. Carreras and V. E. Lynch and B. LaBombard",
Journal = PoP,
volume = "8",
year = "2001",
pages = "3702"
}

@article{EndlerNF95,
author = "M. Endler and others",
journal = NF,
volume = "35",
year = "1995",
pages = 1307
}

@article{ZwebenPoP2002,
author = "S. J. Zweben and others",
journal = PoP,
volume = "9",
year = "2002",
pages = "1981"
} 

@article{FasoliPoP2006,
author = "A. Fasoli and others",
journal = PoP,
volume = "13",
year = "2006",
pages = "055902"
}

@article{AntarPRL2001,
author = "G. Y. Antar and others",
journal = PRL,
volume = "87",
year = "2001",
pages = "065001"
}

@article{YamadaNATURE2008,
author = "T. Yamada and others",
journal = "Nature Lett.",
volume = "4",
year = "2008",
pages = "721"
}

@article{AyedPPCF2009,
author = "N. {Ben} Ayed and others",
journal = PPCF,
volume = "51",
year = "2009",
pages = "035016"
}

@article{KirkPRL2006,
author = "A. Kirk and others",
journal = PRL,
volume = "96",
year = "2006",
pages = "185001"
}

@article{ScannelPPCF2007,
author = "R. Scannel and others",
journal = PPCF,
volume = "49",
year = "2007",
pages = "1431"
}

@article{WilsonPRL2004,
author = "H. Wilson and S. C. Cowley",
journal = PRL,
volume = "92",
year = "2004",
pages = "175006"
}
 
@article{KrasheninnikovPhysLet2001,
author = "S. I. Krasheninnikov",
journal = "Phys. Lett. A",
volume = "283",
year = "2001",
pages = "368"
}

@article{NedospasovNF85,
author = "A. D. Nedospasov and V. G. Petrov and G. N. Fidel'man",
journal = NF,
volume = "25",
year = "1985",
pages = "21"
}

@article{KrasheninnikovCzechJourn2005,
author = "S. I. Krasheninnikov and A. I. Smolyakov and G. Q. Yu and T. K. Soboleva",
journal = "Czech. Journ. Phys.",
volume = "55",
year = "2005",
pages = "307"
}

@article{YuPoP2006,
author = "G. Q. Yu and S. I. Krasheninnikov and P. N. Guzdar",
journal = PoP,
volume = "13",
year = "2006",
pages = "042508"
}

@article{GarciaPoP2006,
author = "O. E. Garcia and N. H. Bian and W. Fundamenski",
journal = PoP,
volume = "13",
year = "2006",
pages = 082309
}

@article{BianPoP2003,
author = "N. H. Bian and S. Bendekka and J. -V. Paulsen and O. E. Garcia",
journal = PoP,
volume = "10",
year = "2003",
pages = "3"
}

@article{MyraPoP2004,
author = "J. R. Myra and D. A. D'Ippolito and S. I. Krasheninnikov and G. W. Yu",
journal = PoP,
volume = "11",
year = "2004",
pages = "9"
}

@article{YuPoP2003,
author = "G. Q. Yu and S. I. Krasheninnikov",
journal = PoP,
volume = "10",
year = "2003",
pages = "4413"
}

@article{RozhanskyPPCF2008,
author = "V. Rozhansky and A. Kirk",
journal = PPCF,
volume = "50",
year = "2008",
pages = "025008"
}

@article{MadsenPoP2011,
author = "J. Madsen and O. E. Garcia and J. S. Larsen and V. Naulin and A. H. Nielsen and others",
journal = PoP,
volume = "18",
year = "2011",
pages = "112504"
}

@article{KrasheninnikovPoP2003,
author = "S. I. Krasheninnikov and A. I. Smolyakov",
journal = PoP,
volume = "10",
year = "2003",
pages = "3020"
}

@article{D'IppolitoPoP2004,
author = "D. A. D'Ippolito and J. R. Myra and D. A. Russell and G. Q. Yu",
journal = PoP,
volume = "11",
year = "2004",
pages = "4603"
}

@article{D'IppolitoContribPlasPhys2004,
author = "D. A. D'Ippolito and J. R. Myra and S. I. Krasheninnikov and G. Q. Yu and A. Yu. Pigarov",
Journal = "Contrib. Plasma Phys.",
volume = "44",
year = "2004",
pages = "205-216"
}

@article{RussellPRL2004,
author = "D. A. Russell and D. A. D'Ippolito and J. R. Myra and W. M. Nevins and X. Q. Xu",
journal = PRL,
volume = "93",
year = "2004",
pages = "265001"
}

@article{BodiPoP2008,
author = "K. Bodi and S. I. Krasheninnikov and A. I. Smolyakov",
journal = PoP,
volume = "15",
year = "2008",
pages = "102304"
}

@article{D'IppolitoReview,
author = "D. A. D'Ippolito and J. R. Myra and S. J. Zweben",
journal = PoP,
volume = "18",
year = "2011",
pages = "060501"
}

@article{KatzPRL2008,
author = "N. Katz and J. Egedal and W. Fox and A. Le and M. Porkolab",
journal = PRL,
volume = "101",
year = "2008",
pages = "015003"
}

@article{AngusPRL2012,
author = "J. R. Angus and M. V. Umansky and S. I. Krasheninnikov",
journal = PRL,
volume = "108",
year = "2012",
pages = "215002"
}

@article{AngusPoP2012,
author = "J. R. Angus and S. I. Krasheninnikov and M. V. Umansky",
journal = PoP,
volume = "19",
year = "2012",
pages = "082312"
}

@article{BOUT++,
author = "B. D. Dudson and M. V. Umansky and X. Q. Xu and P. B. Snyder and H. R. Wilson",
journal = "Comp. Phys. Comm.",
volume = "180",
year = "2009",
pages = "1467-1480"
}

@article{Braginskii,
author = "S. I. Braginskii",
journal = "\emph{Reviews of Modern Physics}",
volume = "1",
year = "Consultants Bureau, New York, 1965",
pages = "205"
}

@article{SimakovPoP2003,
author = "A. N. Simakov and P. J. Catto",
journal = PoP,
volume = "20",
year = "2003",
pages = "4744"
}

@article{SimakovPoP2004,
author = "A. N. Simakov and P. J. Catto",
journal = PoP,
volume = "11",
year = "2004",
pages = "2326"
}

@article{PoliPoP2008,
author = "F. M. Poli and P. Ricci and A. Fasoli and M. Podesta",
journal = PoP,
volume = "15",
year = "2008",
pages = "032104"
}

@article{FarinaNF1993,
author = "D. Farina and R. Pozzoli and D. D. Ryutov",
journal = NF,
volume = "13",
year = "1993",
pages = "1315"
} 

@article{RyutovConPlasmaPhys2008,
author = "D. D. Ryutov and R. H. Cohen",
journal = "Contrib. Plasma Phys.",
volume = "48",
year = "2008",
pages = "48",
}

@article{RyutovConPlasmaPhys2006,
author = "D. D. Ryutov and R. H. Cohen",
journal = "Contrib. Plamsa Phys.",
volume = "46",
year = "2006",
pages = "678",
}

@article{DewarPhysFluids84,
author = "R. L. Dewar and D. A. Monticello and W. N. C. Sy",
journal = "Phys. Fluids",
volume = "27",
year = "1984",
pages = "1723",
}

@article{FluxCoordinates,
author = "W. D. D'haeseleer and W. N. G. Hitchon and J. D. Callen and J. L. Sohet",
journal = "Flux-Coordinates and Magnetic Field Structure",
year = "1991",
pages = "(Springer Verlag, Berlin, Heidelberg, New York)"
}


@article{ElmorePPCF2012,
author = "S. Elmore and S. Y. Allen and A. Kirk and G. Fispool and others",
journal = PPCF,
volume = "54",
year = "2012",
pages = "065001"
}
@article{ElmoreFusEngDes2013,
author = "S. Elmore and S. Y. Allen and A. Kirk and A. J. Thornton and others",
journal = "Fus. Eng. Des.",
year = "2013",
volume = "",
pages = "10.1016/j.jnucmat.2013.01.268"
}
@article{BisaiPoP2012,
author = "N. Bisai and R. Singh and P. K. Kaw",
journal = PoP,
volume = "19",
year = "2012",
pages = "052509"
}
@article{MyraPoP2004-2,
author = "J. Myra and D. A. D'Ippolito and S. I. Krasheninnikov and G. Q. Yu",
journal = PoP,
volume = "11",
year = "2004",
pages = "4267"
}

@article{GarciaPPCF2006,
author = "O. E. Garcia and J. Horacek and R. A. Pitts and A. H. Nielsen and W. Fundamenski and J. P. Graves and V. Naulin and J. Juul Rasmussen",
journal = PPCF,
volume = "48",
year = "2006",
pages = "L1-L10"
} 

@article{HigginsPPCF2012,
author = "D. Higgins and B. Hnat and A. Kirk and P. Tamain and N. Ben Ayed and others",
journal = PPCF,
volume = "54",
year = "2012",
pages = "015002"
}

@article{MilitelloPPCF2013,
author = "F. Militello and P. Tamain and W. Fundamenski and A. Kirk and V. Naulin and A. H. Nielsen and others",
journal = PPCF,
volume = "55",
year = "2013",
pages = "025005"
}

@article{HasegawaPRL87,
author = "A. Hasegawa and M. Wakatani",
journal = PRL,
volume = "59",
year = "1987",
pages = "1581"
}

@article{HasegawaAP85,
author = "A. Hasegawa",
journal = "Advances in Physics",
volume = "34",
year = "1984",
pages = "1-42"
}

@article{RyutovPoP2007,
author = "D. D. Ryutov",
journal = PoP,
volume = "14",
year = "2007",
pages = "064502"
}

@article{PirasPPCF2009,
author = "F. Piras and others",
journal = PPCF,
volume = "51",
year = "2009",
pages = "055009"
}

@article{SoukhanovskiiNF2011,
author = "V. A. Soukhanovskii and others",
journal = NF,
volume = "51",
year = "2011",
pages = "012001"
}

@article{RyutovPPCF2012,
author = "D. D. Ryutov and R. H. Cohen and T. D. Rognlien and M. V. Umansky",
journal = PPCF,
volume = "54",
year = "2012",
pages = "124050"
}

@article{ValanjuPoP2009,
author = "P. M. Valanju and M. Kotschenreuther and S. M. Mahajan and J. Canik",
journal = PoP,
volume = 16,
year = "2009",
pages = "056110"
}

@article{KatramadosFusEngDes2011,
author = "I. Katramados and others",
journal = "Fusion Eng. Des",
year = "2011",
volume = "",
pages = ""
}

@article{LisgoEPS2009,
author = "S. Lisgo and others",
journal = "36th EPS Conference on Plasma Phys.",
volume = "33E",
year = "2009",
pages = "0 - 4.046"
}

@article{MyraTwo-region1,
author = "J. Myra and D. A. Russell and D. A. D'Ippolito",
journal = PoP,
volume = "13",
year = "2006",
pages = "112502"
}

@article{EFIT,
author = "L. L. Lao and others",
journal = NF,
volume = "25",
year = "1985",
pages = "1611"
}

@article{KocanPPCF2010,
author = "M. Kocan and J. P. Gunn",
journal = PPCF,
volume = "52",
year = "2010",
pages = "045010"
}

@article{KocanJNucMat2011,
author = "M. Kocan and others",
journal = "J. Nucl. Mater.",
volume = "415",
year = "2011",
pages = "S1133"
}

@article{TamainJNucMat2011,
author = "P. A. Tamain and others",
journal = "J. Nucl. Mater.",
volume = "415",
year = "2011",
pages = "S1139"
}

@article{KirkPPCF2004,
author = "A. Kirk and others",
journal = PPCF,
volume = "46",
year = "2004",
pages = "1591"
}

@article{AllanJNucMat2013,
author = "S. Y. Allan and others",
journal = "J. Nucl. Mater.",
volume = " ",
year = "2013",
pages = "http://dx.doi.org/10.1016/j.jnucmat.2013.01.263"
}

@article{XuBOUT,
author = "X. Q. Xu and M. V. Umansky and B. D. Dudson and P. B. Snyder",
journal = "Comm. Comp. Phys.",
volume = "4",
year = "2008",
pages = "949"
}

@article{JovanovicPoP2008,
author = "D. Jovanovic and P. K. Shukla and F. Pegoraro",
journal = PoP,
volume = "15",
year = "2008",
pages = "112305"}


@article{AngusDriftWave2012,
author = "J. R. Angus and S. I. Krasheninnikov",
journal = PoP,
volume = "19",
year = "2012",
pages = "052504"
}

@article{ScottPPCF97,
author = "B. Scott",
journal = PPCF,
volume = "39",
year = "1997",
pages = "1635"
}

@article{MilitelloPPCF2011,
author = "F. Millitello and W. Fundamenski",
journal = PPCF,
volume = "53",
year = "2011",
pages = "095002"
}

@article{WalkdenPPCF2013,
author = "N. R. Walkden and B. D. Dudson and G. Fishpool",
journal = PPCF,
volume = "55",
year = "2013",
pages = "105005"
}

@article{AdamekCJP2004,
author = "J. Adamek and others",
journal = "Czech. J. Phys.",
volume = "54",
year = "2004",
pages = "C95"
}

@article{AdamekCJP2005,
author = "J. Adamek and others",
journal = "Czech. J. Phys.",
volume = "55",
year = "2005",
pages = "235"}

@article{AdamekPreprint,
author = "J. Adamek and others",
journal = "To be submitted",
year = "2013",
volume = " ",
pages = " "}

@article{SchritweisserCJP2006,
author = "R. J. Schrittweiser and others",
journal = "Czech. J. Phys.",
volume = "56",
year = "2006",
pages = "B145"
}

@article{AdamekJNM2009,
author = "J. Adamek and others",
journal = JNM,
volume = "390-391",
year = "2009",
pages = "1114"
}

@article{AdamekCPP2010,
author = "J. Adamek and others",
journal = CPP,
volume = "50",
year = "2010",
pages = "9"
}

@article{HoracekNF2010,
author = "J. Horacek and J. Adamek and others",
journal = NF,
volume = "50",
year = "2010",
pages = "105001"
}

@article{AdamekCPP2013,
author = "J. Adamek and others",
journal = CPP,
volume = "53",
year = "2013",
pages = "1"}